@book{linesOfLight,
author = {Plinio il vecchio},
year = {2017},
month = {11},
pages = {1-266},
title = {Lines of Light: The Sources of Dispersive Spectroscopy, 1800-1930},
isbn = {9780203748862},
journal = {Lines of Light: The Sources of Dispersive Spectroscopy, 1800-1930},
doi = {10.1201/9780203748862}
}
@book{naturalisHistoria,
  title={Naturalis Historia},
  author={Plinius Secundus, Gaius},
  volume={37},
  pages={167},
  chapter={52},
  url={https://books.google.it/books?id=oHlGAAAAYAAJ}
}