@book{lih2009wikipedia,
  title={The Wikipedia Revolution: How a Bunch of Nobodies Created the World's Greatest Encyclopedia},
  author={Lih, Andrew},
  year={2009},
  publisher={Hyperion}
}

@article{jemielniak2014wikipedia,
  title={Wikipedia: Collaborative web-based writing in a globalized world},
  author={Jemielniak, Dariusz},
  journal={First Monday},
  volume={19},
  number={6},
  year={2014},
  publisher={First Monday}
}

@book{reagle2010good,
  title={Good Faith Collaboration: The Culture of Wikipedia},
  author={Reagle, Joseph Michael},
  year={2010},
  publisher={MIT Press}
}

@article{denning2005wikipedia,
  title={Wikipedia risks and challenges},
  author={Denning, Peter J and Horning, Jim and Parnas, David L and Weinstein, Lauren},
  journal={Communications of the ACM},
  volume={48},
  number={12},
  pages={152--159},
  year={2005},
  publisher={ACM New York, NY, USA}
}

@misc{history_of_wikis,
  author = {Wikipedia contributors},
  title = {History of wikis},
  year = {2023},
  url = {https://en.wikipedia.org/wiki/History_of_wikis},
  note = {Accessed: 2024-05-13}
}

@book{ebersbach2008wiki,
  title={Wiki: Web Collaboration},
  author={Ebersbach, Anja and Glaser, Markus and Heigl, Richard and Warta, Alexander},
  year={2008},
  publisher={Springer Science \& Business Media}
}

@article{giles2005nature,
  title={Internet encyclopaedias go head to head},
  author={Giles, Jim},
  journal={Nature},
  volume={438},
  number={7070},
  pages={900--901},
  year={2005},
  publisher={Nature Publishing Group}
}

@misc{cunningham2001wiki,
  author = {Ward Cunningham},
  title = {Wiki History},
  year = {2001},
  howpublished = {\url{http://c2.com/doc/wikisym/WikiSym2006/cunningham.html}},
  note = {Accessed: 2024-05-13}
}
